@online{bedder2019ai,
title={AI tools for automated game testing},
author={Bedder, Matthew},
year={2019},
url={https://www.prowler.io/blog/ai-tools-for-automated-game-testing},
urldate={2020-04-28}
}

@online{gulbert2017unit,
title={Unit testing in video games},
year="2017",
author={Guibert, Francois},
url={https://www.frozax.com/blog/2017/06/unit-testing-in-video-games/},
urldate={2020-04-28}
}

@inproceedings{jagannath2011improved,
  title={Improved multithreaded unit testing},
  author={Jagannath, Vilas and Gligoric, Milos and Jin, Dongyun and Luo, Qingzhou and Rosu, Grigore and Marinov, Darko},
  booktitle={Proceedings of the 19th ACM SIGSOFT symposium and the 13th European conference on Foundations of software engineering},
  pages={223--233},
  year={2011}
}

@article{yang1997challenges,
  title={The Challenges in Automated Testing of Multithreaded Programs'},
  author={Yang, Cheer-Sun and Pollock, Lori L},
  year={1997}
}

@inproceedings{varvaressos2013runtime,
  title={Runtime monitoring of temporal logic properties in a platform game},
  author={Varvaressos, Simon and Vaillancourt, Dominic and Gaboury, S{\'e}bastien and Mass{\'e}, Alexandre Blondin and Hall{\'e}, Sylvain},
  booktitle={International Conference on Runtime Verification},
  pages={346--351},
  year={2013},
  organization={Springer}
}


@online{carmack2012functional,
    title={In-depth: Functional programming in C++},
    author={Carmack, John},
    date={2012-04-30},
    url={https://gamasutra.com/view/news/169296/Indepth_Functional_programming_in_C.php},
    urldate={2020-03-26}
}

@article{vipindeep2005list,
  title={List of common bugs and programming practices to avoid them},
  author={Vipindeep, V and Jalote, Pankaj},
  journal={Electronic, March},
  year={2005}
}

@online{yarwood2020qa,
title={ A look at how different-sized studios approach the challenges of QA },
author={Yarwood, Jack},
date={2020-03-13},
url={https://gamasutra.com/view/news/359240/A_look_at_how_differentsized_studios_approach_the_challenges_of_QA.php},
urldate={2020-04-28}
}

@inproceedings{ahsan2009there,
  title={Are there language specific bug patterns? Results obtained from a case study using Mozilla},
  author={Ahsan, Syed Nadeem and Ferzund, Javed and Wotawa, Franz},
  booktitle={2009 Fourth International Conference on Software Engineering Advances},
  pages={210--215},
  year={2009},
  organization={IEEE}
}

@online{ wiki:gameengines,
    author = "{Wikipedia contributors}",
    title = "List of game engines --- {Wikipedia}{,} The Free Encyclopedia",
    year = "2020",
    url = {https://en.wikipedia.org/w/index.php?title=List_of_game_engines&oldid=948345921},
    urldate = "2020-04-01"
  }

@online{killough2002doom,
  author={Killough, Lee},
  title={Doom Level History},
  year="2002",
  url={https://web.archive.org/web/20131217024351/http://www.rome.ro/lee_killough/history/doomqna.shtml},
  urldate={2020-04-26}
}

@online{gilbert2018unit,
  author={Gilbert, Ron},
  title={Unit Testing Games},
  year="2018",
  url={https://grumpygamer.com/unit_testing_games},
  urldate="2020-04-28"
}

@online{parsons2015tdd,
author={Parsons, Chris},
title={Why video game coders don't use TDD, and why it matters},
year="2015",
url={http://chrismdp.com/2015/03/why-games-coders-dont-use-tdd-and-why-it-matters/},
  urldate="2020-04-28"
}

  @inproceedings{lewis2010went,
  title={What went wrong: a taxonomy of video game bugs},
  author={Lewis, Chris and Whitehead, Jim and Wardrip-Fruin, Noah},
  booktitle={Proceedings of the fifth international conference on the foundations of digital games},
  pages={108--115},
  year={2010}
}


@inproceedings{murphy2014cowboys,
  title={Cowboys, ankle sprains, and keepers of quality: How is video game development different from software development?},
  author={Murphy-Hill, Emerson and Zimmermann, Thomas and Nagappan, Nachiappan},
  booktitle={Proceedings of the 36th International Conference on Software Engineering},
  pages={1--11},
  year={2014}
}

@mastersthesis{loubos2018automated,
  title={Automated testing in virtual worlds},
  author={Loubos, D},
  year={2018}
}

@article{varvaressos2017automated,
  title={Automated bug finding in video games: A case study for runtime monitoring},
  author={Varvaressos, Simon and Lavoie, Kim and Gaboury, S{\'e}bastien and Hall{\'e}, Sylvain},
  journal={Computers in Entertainment (CIE)},
  volume={15},
  number={1},
  pages={1--28},
  year={2017},
  publisher={ACM New York, NY, USA}
}

@article{lin2019identifying,
  title={Identifying gameplay videos that exhibit bugs in computer games},
  author={Lin, Dayi and Bezemer, Cor-Paul and Hassan, Ahmed E},
  journal={Empirical Software Engineering},
  volume={24},
  number={6},
  pages={4006--4033},
  year={2019},
  publisher={Springer}
}


@book{drachen2013game,
  title={Game Analytics: Maximizing the Value of Player Data},
  author={Drachen, Anders and El-Nasr, Magy Seif and Canossa, Alessandro},
  year={2013},
  pages={510},
  publisher={Springer}
}


@inproceedings{nantes2008framework,
  title={A Framework for the Semi-Automatic Testing of Video Games.},
  author={Nantes, Alfredo and Brown, Ross and Maire, Frederic},
  booktitle={AIIDE},
  year={2008}
}


@inproceedings{claypool2009perspectives,
  title={Perspectives, frame rates and resolutions: it's all in the game},
  author={Claypool, Mark and Claypool, Kajal},
  booktitle={Proceedings of the 4th International Conference on Foundations of Digital Games},
  pages={42--49},
  year={2009}
}

@article{becares2017approach,
  title={An approach to automated videogame beta testing},
  author={B{\'e}cares, Jennifer Hern{\'a}ndez and Valero, Luis Costero and Mart{\'\i}n, Pedro Pablo G{\'o}mez},
  journal={Entertainment Computing},
  volume={18},
  pages={79--92},
  year={2017},
  publisher={Elsevier}
}
