@inproceedings{fraser2013does,
  title={Does automated white-box test generation really help software testers?},
  author={Fraser, Gordon and Staats, Matt and McMinn, Phil and Arcuri, Andrea and Padberg, Frank},
  booktitle={Proceedings of the 2013 International Symposium on Software Testing and Analysis},
  pages={291--301},
  year={2013},
  organization={ACM}
}

@inproceedings{hunt2008software,
  title={Software maintenance implications on cost and schedule},
  author={Hunt, Bob and Turner, Bryn and McRitchie, Karen},
  booktitle={2008 IEEE Aerospace Conference},
  pages={1--6},
  year={2008},
  organization={IEEE}
}

@inproceedings{labuschagne2017measuring,
  title={Measuring the cost of regression testing in practice: a study of Java projects using continuous integration},
  author={Labuschagne, Adriaan and Inozemtseva, Laura and Holmes, Reid},
  booktitle={Proceedings of the 2017 11th Joint Meeting on Foundations of Software Engineering},
  pages={821--830},
  year={2017},
  organization={ACM}
}

@article{alegroth2016maintenance,
  title={Maintenance of automated test suites in industry: An empirical study on Visual GUI Testing},
  author={Al{\'e}groth, Emil and Feldt, Robert and Kolstr{\"o}m, Pirjo},
  journal={Information and Software Technology},
  volume={73},
  pages={66--80},
  year={2016},
  publisher={Elsevier}
}

@inproceedings{robinson2011scaling,
  title={Scaling up automated test generation: Automatically generating maintainable regression unit tests for programs},
  author={Robinson, Brian and Ernst, Michael D and Perkins, Jeff H and Augustine, Vinay and Li, Nuo},
  booktitle={2011 26th IEEE/ACM International Conference on Automated Software Engineering (ASE 2011)},
  pages={23--32},
  year={2011},
  organization={IEEE}
}

@article{frappier1994software,
  title={Software metrics for predicting maintainability},
  author={Frappier, Marc and Matwin, Stan and Mili, Ali},
  journal={Software Metrics Study: Tech. Memo},
  volume={2},
  year={1994}
}

@inproceedings{shamshiri2018automatically,
  title={How do automatically generated unit tests influence software maintenance?},
  author={Shamshiri, Sina and Rojas, Jos{\'e} Miguel and Galeotti, Juan Pablo and Walkinshaw, Neil and Fraser, Gordon},
  booktitle={2018 IEEE 11th International Conference on Software Testing, Verification and Validation (ICST)},
  pages={250--261},
  year={2018},
  organization={IEEE}
}

@article{offutt1997automatically,
  title={Automatically detecting equivalent mutants and infeasible paths},
  author={Offutt, A Jefferson and Pan, Jie},
  journal={Software testing, verification and reliability},
  volume={7},
  number={3},
  pages={165--192},
  year={1997},
  publisher={Wiley Online Library}
}

@article{bybro2003mutation,
  title={A mutation testing tool for java programs},
  author={Bybro, Mattias and Arnborg, S},
  journal={Master's thesis, Stockholm University, Stockholm, Sweden},
  year={2003}
}

@inproceedings{niedermayr2016will,
  title={Will my tests tell me if i break this code?},
  author={Niedermayr, Rainer and Juergens, Elmar and Wagner, Stefan},
  booktitle={Proceedings of the International Workshop on Continuous Software Evolution and Delivery},
  pages={23--29},
  year={2016},
  organization={ACM}
}

@article{honfi2017classifying,
  title={Classifying the Correctness of Generated White-Box Tests: An Exploratory Study},
  author={Honfi, David and Micskei, Zoltan},
  journal={arXiv preprint arXiv:1706.02217},
  year={2017}
}
