@inproceedings{selinger1979access,
  title={Access path selection in a relational database management system},
  author={Selinger, P Griffiths and Astrahan, Morton M and Chamberlin, Donald D and Lorie, Raymond A and Price, Thomas G},
  booktitle={Proceedings of the 1979 ACM SIGMOD international conference on Management of data},
  pages={23--34},
  year={1979},
  organization={ACM}
}

@inproceedings{vicknair2010comparison,
  title={A comparison of a graph database and a relational database: a data provenance perspective},
  author={Vicknair, Chad and Macias, Michael and Zhao, Zhendong and Nan, Xiaofei and Chen, Yixin and Wilkins, Dawn},
  booktitle={Proceedings of the 48th annual Southeast regional conference},
  pages={42},
  year={2010},
  organization={ACM}
}

@article{buerli2012current,
  title={The current state of graph databases},
  author={Buerli, Mike and Obispo, CPSL},
  journal={Department of Computer Science, Cal Poly San Luis Obispo, mbuerli@ calpoly. edu},
  volume={32},
  number={3},
  pages={67--83},
  year={2012}
}

